@article{zeroonehyper,
	title={Zero-One Law for random uniform hypergraphs},
	author={Matushkin, Aleksandr},
	journal={arXiv preprint arXiv:1607.07654},
	year={2016}
}

@article{shelah1988zero,
	title={Zero-one laws for sparse random graphs},
	author={Shelah, Saharon and Spencer, Joel},
	journal={Journal of the American Mathematical Society},
	volume={1},
	number={1},
	pages={97--115},
	year={1988}
}

@article{lynch1992probabilities,
  title={Probabilities of sentences about very sparse random graphs},
  author={Lynch, James F},
  journal={Random Structures \& Algorithms},
  volume={3},
  number={1},
  pages={33--53},
  year={1992},
  publisher={Wiley Online Library}
}


@article{salvadorbrasil,
	title={Spaces of completions of elementary theories and convergence laws for random hypergraphs},
	author={Saldanha, Nicolau C and Telles, M{\'a}rcio},
	journal={arXiv preprint arXiv:1602.06537},
	year={2016}
}


@book{finitemodeltheory1,
	title={Finite model theory},
	author={Ebbinghaus, Heinz-Dieter and Flum, J{\"o}rg},
	year={2005},
	publisher={Springer Science \& Business Media}
}

@book{finitemodeltheory2,
	title={Elements of finite model theory},
	author={Libkin, Leonid},
	year={2013},
	publisher={Springer Science \& Business Media}
}

@article{heinig2018logical,
	title={Logical limit laws for minor-closed classes of graphs},
	author={Heinig, Peter and M{\"u}ller, Tobias and Noy, Marc and Taraz, Anusch},
	journal={Journal of Combinatorial Theory, Series B},
	volume={130},
	pages={158--206},
	year={2018},
	publisher={Elsevier}
}

@misc{lecturenotes,
	author = {P\'eter Csikv\'ari},
	title = {Probabilistic Method, lecture notes}
}

