@article{lynch1992probabilities,
  title={Probabilities of sentences about very sparse random graphs},
  author={Lynch, James F},
  journal={Random Structures \& Algorithms},
  volume={3},
  number={1},
  pages={33--53},
  year={1992},
  publisher={Wiley Online Library}
}
@book{libkin2013elements,
	title={Elements of finite model theory},
	author={Libkin, Leonid},
	year={2013},
	publisher={Springer Science \& Business Media}
}

@article{heinig2018logical,
	title={Logical limit laws for minor-closed classes of graphs},
	author={Heinig, Peter and M{\"u}ller, Tobias and Noy, Marc and Taraz, Anusch},
	journal={Journal of Combinatorial Theory, Series B},
	volume={130},
	pages={158--206},
	year={2018},
	publisher={Elsevier}
}